<record><leader>00000cas a22000007a 4500</leader><controlfield tag="001">11827913</controlfield><controlfield tag="008">850320d18601906wiuwr ne      0    0eng d</controlfield><datafield ind1=" " ind2=" " tag="010"><subfield code="a">sn 85033295 </subfield></datafield><datafield ind1=" " ind2=" " tag="040"><subfield code="a">NPU</subfield><subfield code="b">eng</subfield><subfield code="c">NPU</subfield><subfield code="d">NPV</subfield><subfield code="d">OCLCQ</subfield></datafield><datafield ind1=" " ind2=" " tag="042"><subfield code="a">msc</subfield></datafield><datafield ind1=" " ind2=" " tag="045"><subfield code="a">w6x0</subfield></datafield><datafield ind1=" " ind2=" " tag="052"><subfield code="a">4123</subfield><subfield code="b">J4</subfield><subfield code="b">D5</subfield></datafield><datafield ind1="0" ind2="0" tag="245"><subfield code="a">Watertown republican.</subfield></datafield><datafield ind1=" " ind2=" " tag="260"><subfield code="a">Watertown, Wis. :</subfield><subfield code="b">J.W. Lawton,</subfield><subfield code="c">1860-1906.</subfield></datafield><datafield ind1=" " ind2=" " tag="300"><subfield code="a">46 v. :</subfield><subfield code="b">ill. ;</subfield><subfield code="c">65 cm.</subfield></datafield><datafield ind1=" " ind2=" " tag="310"><subfield code="a">Weekly</subfield></datafield><datafield ind1=" " ind2=" " tag="321"><subfield code="a">Weekly,</subfield><subfield code="b">June 15, 1860-May 16, 1903</subfield></datafield><datafield ind1=" " ind2=" " tag="321"><subfield code="a">Semiweekly,</subfield><subfield code="b">May 20-Oct. 14, 1903</subfield></datafield><datafield ind1="0" ind2=" " tag="362"><subfield code="a">Vol. 1, no. 1 (June 15, 1860)-v. 46, no. 33 (Apr. 6, 1906).</subfield></datafield><datafield ind1=" " ind2=" " tag="500"><subfield code="a">Publisher varies.</subfield></datafield><datafield ind1=" " ind2=" " tag="500"><subfield code="a">Editors: J.W. Lawton, June 15-Aug. 3, 1860; J.W. Lawton &amp; J.T. Moak, Aug. 10, 1860-Feb. 28, 1862; D.T. Lindley &amp; J.T. Moak, March 17-&lt;June 6, 1862&gt;; J.H. Keyes, &lt;April 24, 1867&gt;-Aug. 24, 1881; W.L. Norris, Aug. 31, 1881-April 4, 1894; G.W. Norris, April 11, 1894-May 29, 1901; C.A. Pettibone, June 5, 1901-Jan. 10, 1903; Nov. 11-Dec. 23, 1903; C.W. Lechleidner, Dec. 30, 1903-Aug. 3, 1904; C.C. Nettesheim, Aug. 10, 1904-June 28, 1905; P.H. Swift, July 5, 1905-April 6, 1906.</subfield></datafield><datafield ind1=" " ind2=" " tag="525"><subfield code="a">Supplements accompany some issues.</subfield></datafield><datafield ind1=" " ind2=" " tag="752"><subfield code="a">United States</subfield><subfield code="b">Wisconsin</subfield><subfield code="c">Jefferson</subfield><subfield code="d">Watertown.</subfield></datafield><datafield ind1=" " ind2=" " tag="752"><subfield code="a">United States</subfield><subfield code="b">Wisconsin</subfield><subfield code="c">Dodge</subfield><subfield code="d">Watertown.</subfield></datafield><datafield ind1="0" ind2="0" tag="785"><subfield code="t">Watertown weekly leader (Watertown, Wis. : 1906)</subfield><subfield code="w">(DLC)sn 85040724</subfield></datafield><datafield ind1="1" ind2=" " tag="029"><subfield code="a">AU@</subfield><subfield code="b">000025836027</subfield></datafield></record>